<record><leader>00000cas a22000007a 4500</leader><controlfield tag="001">29604297</controlfield><controlfield tag="008">940110d19061908nyucr ne      0    0eng d</controlfield><datafield ind1=" " ind2=" " tag="010"><subfield code="a">sn 93064028 </subfield></datafield><datafield ind1=" " ind2=" " tag="040"><subfield code="a">NYS</subfield><subfield code="b">eng</subfield><subfield code="c">NYS</subfield><subfield code="d">OCLCQ</subfield><subfield code="d">OCLCF</subfield><subfield code="d">OCLCO</subfield></datafield><datafield ind1="1" ind2=" " tag="029"><subfield code="a">AU@</subfield><subfield code="b">000025882400</subfield></datafield><datafield ind1=" " ind2=" " tag="042"><subfield code="a">msc</subfield></datafield><datafield ind1=" " ind2=" " tag="043"><subfield code="a">n-us-ny</subfield></datafield><datafield ind1="0" ind2="0" tag="245"><subfield code="a">Oswego semi-weekly palladium.</subfield></datafield><datafield ind1="1" ind2="3" tag="246"><subfield code="a">Palladium</subfield></datafield><datafield ind1=" " ind2=" " tag="260"><subfield code="a">Oswego, N.Y. :</subfield><subfield code="b">[s.n.],</subfield><subfield code="c">1906-1908.</subfield></datafield><datafield ind1=" " ind2=" " tag="300"><subfield code="a">v.</subfield></datafield><datafield ind1=" " ind2=" " tag="310"><subfield code="a">Semiweekly</subfield></datafield><datafield ind1="0" ind2=" " tag="362"><subfield code="a">Vol. 86, no. 43 (Nov. 20, 1906)-v. 90, no. 26 (Oct. 9, 1908).</subfield></datafield><datafield ind1=" " ind2=" " tag="500"><subfield code="a">Published on Tuesday and Friday.</subfield></datafield><datafield ind1=" " ind2="0" tag="651"><subfield code="a">Oswego (N.Y.)</subfield><subfield code="v">Newspapers.</subfield></datafield><datafield ind1=" " ind2="0" tag="651"><subfield code="a">Oswego County (N.Y.)</subfield><subfield code="v">Newspapers.</subfield></datafield><datafield ind1=" " ind2="7" tag="655"><subfield code="a">Newspapers.</subfield><subfield code="2">fast</subfield><subfield code="0">(OCoLC)fst01423814</subfield></datafield><datafield ind1=" " ind2="7" tag="651"><subfield code="a">New York (State)</subfield><subfield code="z">Oswego.</subfield><subfield code="2">fast</subfield><subfield code="0">(OCoLC)fst01212851</subfield></datafield><datafield ind1=" " ind2="7" tag="651"><subfield code="a">New York (State)</subfield><subfield code="z">Oswego County.</subfield><subfield code="2">fast</subfield><subfield code="0">(OCoLC)fst01208853</subfield></datafield><datafield ind1=" " ind2=" " tag="752"><subfield code="a">United States</subfield><subfield code="b">New York</subfield><subfield code="c">Oswego</subfield><subfield code="d">Oswego.</subfield></datafield><datafield ind1="0" ind2=" " tag="775"><subfield code="t">Daily palladium (Oswego, N.Y.)</subfield><subfield code="w">(DLC)sn 84031480</subfield><subfield code="w">(OCoLC)10972174</subfield></datafield><datafield ind1="0" ind2="0" tag="780"><subfield code="t">Oswego weekly palladium</subfield><subfield code="w">(DLC)sn 85026892</subfield><subfield code="w">(OCoLC)12726806</subfield></datafield><datafield ind1="0" ind2="0" tag="785"><subfield code="t">Oswego palladium (Oswego, N.Y. : 1908 : Semiweekly)</subfield><subfield code="w">(DLC)sn 93063573</subfield><subfield code="w">(OCoLC)27463011</subfield></datafield></record>